@book{fyfe2022,
    author       = {A. Fyfe and N. Moxham and J. McDougall-Waters and C. M. RÃ¸stvik},
    title        = {A History of Scientific Journals: Publishing at the Royal Society, 1665--2015},
    publisher    = {UCL Press},
    address      = {London, UK},
    year         = {2022},
    doi          = {10.14324/111.9781800082328}
}
